<?xml version="1.0" encoding="UTF-8"?>
<collection xmlns:xsi="http://www.w3.org/2001/XMLSchema-instance" xsi:schemaLocation="http://www.loc.gov/MARC21/slim http://www.loc.gov/standards/marcxml/schema/MARC21slim.xsd" xmlns="http://www.loc.gov/MARC21/slim">
<record>
  <leader>01450cam a2200313   4500</leader>
  <controlfield tag="001">2753315</controlfield>
  <controlfield tag="003">NNC</controlfield>
  <controlfield tag="005">20130425223029.0</controlfield>
  <controlfield tag="008">901204s1970    iq c     b    000 0darar </controlfield>
  <datafield tag="010" ind1=" " ind2=" ">
    <subfield code="a">   74962258 /NE</subfield>
  </datafield>
  <datafield tag="035" ind1=" " ind2=" ">
    <subfield code="a">(OCoLC)ocm22774034</subfield>
  </datafield>
  <datafield tag="035" ind1=" " ind2=" ">
    <subfield code="9">ARL8536CU</subfield>
  </datafield>
  <datafield tag="035" ind1=" " ind2=" ">
    <subfield code="a">(NNC)2753315</subfield>
  </datafield>
  <datafield tag="040" ind1=" " ind2=" ">
    <subfield code="a">DLC</subfield>
    <subfield code="c">WAU</subfield>
    <subfield code="d">WAU</subfield>
    <subfield code="d">ZCU</subfield>
  </datafield>
  <datafield tag="043" ind1=" " ind2=" ">
    <subfield code="a">aw-----</subfield>
  </datafield>
  <datafield tag="050" ind1="0" ind2=" ">
    <subfield code="a">DS63</subfield>
    <subfield code="b">.S565 1970</subfield>
  </datafield>
  <datafield tag="100" ind1="1" ind2=" ">
    <subfield code="a">Shukr, Ibrāhīm Ṣāliḥ,</subfield>
    <subfield code="d">1892-1944.</subfield>
  </datafield>
  <datafield tag="245" ind1="1" ind2="0">
    <subfield code="a">Qalam wazīr,</subfield>
    <subfield code="b">tārīkh mā ahmalahu al-tārīkh min ḥawādith al-masʾalah al-ʻArabīyah fī al-Ḥijāz wa-Sūrīyah wa-al-ʻIrāq</subfield>
    <subfield code="c">[taʾlīf] Khālid Muḥsin Ismāʻīl.</subfield>
  </datafield>
  <datafield tag="260" ind1=" " ind2=" ">
    <subfield code="a">Baghdād,</subfield>
    <subfield code="b">Maṭbaʻat al-Maʻārif,</subfield>
    <subfield code="c">1970.</subfield>
  </datafield>
  <datafield tag="300" ind1=" " ind2=" ">
    <subfield code="a">110 p.</subfield>
    <subfield code="b">port.</subfield>
    <subfield code="c">25 cm.</subfield>
  </datafield>
  <datafield tag="490" ind1="1" ind2=" ">
    <subfield code="a">His Āthār.</subfield>
    <subfield code="v">al-Kitāb 1</subfield>
  </datafield>
  <datafield tag="500" ind1=" " ind2=" ">
    <subfield code="a">Added t.p.: Qalam wazeer, history of what was neglected by history from the events of the Arab cause in Hidjaz, Suria and Iraq [by] Ibrahim Salih Shukur.</subfield>
  </datafield>
  <datafield tag="504" ind1=" " ind2=" ">
    <subfield code="a">Bibliography: p. 103-105.</subfield>
  </datafield>
  <datafield tag="500" ind1=" " ind2=" ">
    <subfield code="a">"Fuṣūl ... nushira al-qism al-awwal minhā fī Majallat al-Amānī ... 1931 ... wa-nushira al-qism al-thānī fī Jarīdat al-Akhbār ... 1931 ʻalá al-tawālī."</subfield>
  </datafield>
  <datafield tag="651" ind1=" " ind2="0">
    <subfield code="a">Middle East</subfield>
    <subfield code="x">Politics and government.</subfield>
  </datafield>
  <datafield tag="651" ind1=" " ind2="0">
    <subfield code="a">Middle East</subfield>
    <subfield code="v">Biography.</subfield>
  </datafield>
  <datafield tag="700" ind1="1" ind2=" ">
    <subfield code="a">Ismāʻīl, Khālid Muḥsin,</subfield>
    <subfield code="e">editor.</subfield>
  </datafield>
  <datafield tag="800" ind1="1" ind2=" ">
    <subfield code="a">Shukr, Ibrāhīm Ṣāliḥ,</subfield>
    <subfield code="d">1892-1944.</subfield>
    <subfield code="t">Āthār ;</subfield>
    <subfield code="v">al-kitāb 1.</subfield>
  </datafield>
  <datafield tag="955" ind1=" " ind2=" ">
    <subfield code="b">CU52887707</subfield>
    <subfield code="d">off,glx</subfield>
    <subfield code="e">DS63 .S565 1970</subfield>
  </datafield>
</record>
</collection>